
% This is a generic book for deep learning
@unpublished{Bengio-et-al-2015-Book,
    title={Deep Learning},
    author={Yoshua Bengio and Ian J. Goodfellow and Aaron Courville},
    note={Book in preparation for MIT Press},
    url={http://www.iro.umontreal.ca/~bengioy/dlbook},
    year={2015}
}

% This one talks about convnets
@inproceedings{kavukcuoglu2010learning,
  title={Learning convolutional feature hierarchies for visual recognition},
  author={Kavukcuoglu, Koray and Sermanet, Pierre and Boureau, Y-Lan and Gregor, Karol and Mathieu, Micha{\"e}l and Cun, Yann L},
  booktitle={Advances in neural information processing systems},
  pages={1090--1098},
  year={2010}
}

% This one talks about convnets
@inproceedings{krizhevsky2012imagenet,
  title={Imagenet classification with deep convolutional neural networks},
  author={Krizhevsky, Alex and Sutskever, Ilya and Hinton, Geoffrey E},
  booktitle={Advances in neural information processing systems},
  pages={1097--1105},
  year={2012}
}

% This one is from the church that describes the mechanism of arbitration used by the church
@inproceedings{hansen2013quality,
  title={Quality control mechanisms for crowdsourcing: peer review, arbitration, \& expertise at familysearch indexing},
  author={Hansen, Derek L and Schone, Patrick J and Corey, Douglas and Reid, Matthew and Gehring, Jake},
  booktitle={Proceedings of the 2013 conference on Computer supported cooperative work},
  pages={649--660},
  year={2013},
  organization={ACM}
}

# This one says that conv nets are not sensitive to translation of the input image
@inproceedings{korekado2003convolutional,
  title={A convolutional neural network VLSI for image recognition using merged/mixed analog-digital architecture},
  author={Korekado, Keisuke and Morie, Takashi and Nomura, Osamu and Ando, Hiroshi and Nakano, Teppei and Matsugu, Masakazu and Iwata, Atsushi},
  booktitle={Knowledge-Based Intelligent Information and Engineering Systems},
  pages={169--176},
  year={2003},
  organization={Springer}
}

% This uses convnet on the MNIST number images dataset
@inproceedings{ciresan2012multi,
  title={Multi-column deep neural networks for image classification},
  author={Ciresan, Dan and Meier, Ueli and Schmidhuber, J{\"u}rgen},
  booktitle={Computer Vision and Pattern Recognition (CVPR), 2012 IEEE Conference on},
  pages={3642--3649},
  year={2012},
  organization={IEEE}
}

